<?xml version="1.0" encoding="UTF-8"?>
<collection xmlns:xsi="http://www.w3.org/2001/XMLSchema-instance" xsi:schemaLocation="http://www.loc.gov/MARC21/slim http://www.loc.gov/standards/marcxml/schema/MARC21slim.xsd" xmlns="http://www.loc.gov/MARC21/slim">
<record>
  <leader>01008cam a22002291  4500</leader>
  <controlfield tag="001">3123181</controlfield>
  <controlfield tag="003">NNC</controlfield>
  <controlfield tag="005">20130426134058.0</controlfield>
  <controlfield tag="008">011029m19281931ua            000 0 ara d</controlfield>
  <datafield tag="035" ind1=" " ind2=" ">
    <subfield code="a">(OCoLC)ocm48228778</subfield>
  </datafield>
  <datafield tag="035" ind1=" " ind2=" ">
    <subfield code="9">ATV5584CU</subfield>
  </datafield>
  <datafield tag="035" ind1=" " ind2=" ">
    <subfield code="a">(NNC)3123181</subfield>
  </datafield>
  <datafield tag="040" ind1=" " ind2=" ">
    <subfield code="a">ZCU</subfield>
    <subfield code="c">ZCU</subfield>
    <subfield code="d">NNc</subfield>
  </datafield>
  <datafield tag="099" ind1=" " ind2=" ">
    <subfield code="a">893.7Ab911</subfield>
    <subfield code="a">S</subfield>
  </datafield>
  <datafield tag="100" ind1="1" ind2=" ">
    <subfield code="a">Sayyāghī, al-Ḥusayn ibn Aḥmad,</subfield>
    <subfield code="d">1766-1806.</subfield>
  </datafield>
  <datafield tag="240" ind1="1" ind2="0">
    <subfield code="a">Rawḍ al-naḍīr sharḥ Majmūʻ al-fiqh al-kabīr</subfield>
  </datafield>
  <datafield tag="245" ind1="1" ind2="0">
    <subfield code="a">Kitāb al-Rawd al-naḍīr;</subfield>
    <subfield code="b">sharḥ Majmū al-fiqh al-kabīr,</subfield>
    <subfield code="c">taʾ līf Sharaf al-Dīn al-Ḥusayn ibn Aḥmad ibn al-Husaun ibn Ahmad ibn Alī ibn Muhammad ibn Sulaymān ibn Ṣāliḥ al-Sayyāghī al-Ḥaymī al-Ṣanʻānī (al-mutawaffā bi- Sanʻā al-Yaman fī jumādā-al-ūlā sanata 1221 h. ʻan arbaʻīn sanah)</subfield>
  </datafield>
  <datafield tag="260" ind1=" " ind2=" ">
    <subfield code="a">Miṣr,</subfield>
    <subfield code="b">Maṭb. al-Saʻādah,</subfield>
    <subfield code="c">1347-49 [i.e., 1350] h. [1928-31]</subfield>
  </datafield>
  <datafield tag="300" ind1=" " ind2=" ">
    <subfield code="a">4 v.</subfield>
  </datafield>
  <datafield tag="650" ind1=" " ind2="0">
    <subfield code="a">Islamic law.</subfield>
  </datafield>
  <datafield tag="700" ind1="0" ind2=" ">
    <subfield code="a">Abū Ḥanīfah,</subfield>
    <subfield code="d">-767 or 768.</subfield>
  </datafield>
  <datafield tag="955" ind1=" " ind2=" ">
    <subfield code="b">0026815427</subfield>
    <subfield code="d">glx</subfield>
    <subfield code="e">893.7Ab911 S</subfield>
    <subfield code="v">v.4</subfield>
  </datafield>
</record>
</collection>